@article{Agrawal2011,
  title={Inferences about the distribution of dominance drawn from yeast gene knockout data},
  author={Agrawal, Aneil F. and Whitlock, Michael C.},
  journal={Proc.~Roy.~Soc.~B.},
  volume={278},
  number={},
  pages={161--169},
  year={2011},
  publisher={Roy.~Soc.~Lond.}
}

@article{Ashman2015,
  title={Multilocus sex determination revealed in two populations of gynodioecious wild strawberry, \textit{Fragaria vesca} subs. \textit{bracteata}},
  author={Ashman, Tia-Lynn and Tennessen, Jacob A. and Dalton, Rebecca M. and Govindarajulu, Rajanikanth and Koski, Matthew H. and Liston, Aaron},
  journal={G3},
  volume={5},
  number={},
  pages={2759--2773},
  year={2015},
  publisher={Gen.~Soc.~Am.}
}
@article{Bachtrog2014,
  title={Sex determination: why so many ways of doing it?},
  author={Bachtrog, D. and Mank, Judith E. and Peichel, Catherine L. and Kirkpatrick, Mark and Otto, Sarah P. and Ashman, Tia-Lynn and Hahn, Matthew W. and Kitano, Jun and Mayrose, Itay and Ming, Ray and Perrin, Nicolas and Ross, Laura and Valenzuela, Nicole andVamosi, Jana C. and The Tree of Sex Consortium},
  journal={PLoS Biology},
  volume={12},
  number={7},
  pages={e1001899},
  year={2014},
  publisher={PLoS}
}

@article{Bachtrog2006,
  title={A dynamic view of sex chromosome evolution},
  author={Bachtrog, Doris},
  journal={Curr.~Op.~Gen.~Devel.},
  volume={16},
  number={},
  pages={578--585},
  year={2006},
  publisher={Science Direct}
}

@article{Barson2015,
  title={Sex-dependent dominance at a single locus maintains variation in age at maturity in salmon},
  author={Barson, Nicola J. and Ayanat, Tutku and Hindar, Kjetil and Baranski, Matthew and Bolstad, Geir H. and Fiske, Peder and Jacq, C\'{e}leste and Jensen, Arne J. and Johnston, Susan E. and Karlsson, Sten and Kent, Matthew and Moen, Thomas and Niemel\"{a} and Nome, Torfinn and Naesje, Tor F. and Orell, Panu and Romakkaniemi, Atso and Saegrov, Herald and Urdal, Kurt and Erkinaro, Jaakko and Lien, Sigbj\/{o}rn and Primmer, Craig R.},
  journal={Nature},
  volume={528},
  number={},
  pages={405--408},
  year={2015},
  publisher={Nat.~Pub.~Grp.}
}

@article{Bawa1980,
  title={Evolution of dioecy in flowering plants},
  author={Bawa, K.~F.},
  journal={Ann.~Rev.~Ecol.~Syst.},
  volume={11},
  number={},
  pages={15--39},
  year={1980},
  publisher={Ann. Rev. Inc.}
}

@article{Charlesworth1978a,
  title={A model for the evolution of dioecy and gynodioecy},
  author={Charlesworth, Brian and Charlesworth, Deborah},
  journal={American Naturalist},
  volume={112},
  number={988},
  pages={975--997},
  year={1978},
  publisher={University of Chicago Press}
}

@article{Charlesworth1978b,
  title={Population genetics of partial male-sterility and the evolution of monoecy and dioecy},
  author={Charlesworth, Deborah and Charlesworth, Brian},
  journal={Heredity},
  volume={41},
  number={},
  pages={137--153},
  year={1978},
  publisher={Nature Pub.~Grp.}
}

@incollection{Charlesworth1985,
  author      = "Charlesworth, Deborah",
  title       = "Distribution of dioecy and self-incompatibility in angiosperms",
  editor      = "Greenwood, P.~J. and Slatkin, M.",
  booktitle   = "Evolution: Essays in honor of John Maynard Smith",
  publisher   = "Cambridge University Press",
  address     = "Cambridge, U.~K.",
  year        = 1985,
  pages       = "237--268",
}

@incollection{Charlesworth1999,
  author      = "Charlesworth, Deborah",
  title       = "Theories of the evolution of dioecy",
  editor      = "Geber, M.~A. and Dawson, T.~E. and Delph, L.~F.",
  booktitle   = "Gender and sexual dimorphism in flowering plants",
  publisher   = "Springer Science and Business Media",
  address     = "Heidelberg, Germany",
  year        = 1999,
  pages       = "33--60",
  chapter     = "2",
}

@article{Charlesworth2002,
  title={Plant sex determination and sex chromosomes},
  author={Charlesworth, Deborah},
  journal={Heredity},
  volume={88},
  number={},
  pages={94--101},
  year={2002},
  publisher={Nature Publishing Group}
}

@article{Charlesworth2006,
  title={Evolution of plant breeding systems},
  author={Charlesworth, Deborah},
  journal={Current Biology},
  volume={16},
  number={},
  pages={R726--R735},
  year={2006},
  publisher={Elsevier Ltd.}
}

@article{Charlesworth2009,
  title={The genetics of inbreeding depression},
  author={Charlesworth, Deborah and Willis, John},
  journal={Nature Reviews Genetics},
  volume={10},
  number={},
  pages={783--796},
  year={2009},
  publisher={MacMillan Publishers Ltd.}
}

@article{ConnallonClark2012,
  title={A general population genetic framework for antagonistic selection that accounts for demography and recurrent mutation},
  author={Connallon, Tim and Clark, Andy},
  journal={Genetics},
  volume={190},
  number={},
  pages={1477--1489},
  year={2012},
  publisher={Genetics Soc.~Am.}
}

@article{ConnallonClark2014,
  title={Balancing selection in species with separate sexes: insights from Fisher's geometric model},
  author={Connallon, Tim and Clark, Andy},
  journal={Genetics},
  volume={197},
  number={},
  pages={991--1006},
  year={2014},
  publisher={Genetics Soc.~Am.}
}

@article{ConnallonJordan2016,
  title={Accumulation of deleterious mutations near sexually antagonistic genes},
  author={Connallon, Tim and Jordan, Crispin Y.},
  journal={G3},
  volume={6},
  number={},
  pages={2273--2280},
  year={2016},
  publisher={Genetics Society of America}
}

@Book{Darwin1877,
  author = {Charles Darwin},
  title = {The different forms of flowers on plants of the same species},
  publisher = {John Murray},
  year = {1877},
  address = {London}
}

@article{GoldbergOtto2017,
  title={Macroevolutionary synthesis of flowering plant sexual systems},
  author={Goldberg, Emma E. and Otto, Sarah P. and Vamosi, Jana C. and Mayrose, Itay and Sabath, Niv and Ming, Ray and Ashman, Tia-Lynn},
  journal={Evolution},
  volume={71},
  number={},
  pages={898--912},
  year={2017},
  publisher={Wiley Blackwell}
}

@article{JordanConnallon2014,
  title={Sexually antagonistic polymorphism in simultaneous hermaphrodites},
  author={Jordan, Crispin Y. and Connallon, Tim},
  journal={Evolution},
  volume={68},
  number={},
  pages={3555--3569},
  year={2014},
  publisher={Wiley Blackwell}
}

@article{KaferPannell2017,
  title={On the rarity of dioecy in flowering plants},
  author={K{\"a}fer, Jos and Marais, Gabriel A.~B. and Pannell, John R.},
  journal={Molecular Ecology},
  volume={26},
  number={},
  pages={1225--1241},
  year={2017},
  publisher={John Wiley \& Sons Ltd.}
}

@article{Kidwell1977,
  title={Regions of stable equilibria for models of selection in the two sexes under random mating},
  author={Kidwell, J.~F. and Clegg, M.~T. and Stewart, F.~M. and Prout, T.},
  journal={Genetics},
  volume={85},
  number={},
  pages={171--183},
  year={1977},
  publisher={Genetics Society of America}
}

@article{LeeKelly2015,
  title={A segregating inversion generates fitness variation in yellow monkeyflower (\textit{Mimulus guttatus})},
  author={Lee, Young Wha and Fishman, Lila and Kelly, John K. and Willis, John H.},
  journal={Genetics},
  volume={202},
  number={},
  pages={1473--1484},
  year={2016},
  publisher={Genetics Society of America}
}

@article{Lewis1941,
  title={Male sterility in natural populations of hermaphrodite plants},
  author={Lewis, D.},
  journal={New Phyt.},
  volume={40},
  number={},
  pages={56--63},
  year={1941},
  publisher={}
}

@article{Lewis1942,
  title={The evolution of sex in flowering plants},
  author={Lewis, D.},
  journal={Biol.~Rev.},
  volume={17},
  number={},
  pages={46--67},
  year={1942},
  publisher={}
}

@article{Lloyd1975,
  title={The maintenance of gynodioecy and androdioecy in angiosperms},
  author={Lloyd, David G},
  journal={Genetica},
  volume={45},
  number={},
  pages={325--339},
  year={1975},
  publisher={}
}

@article{Lloyd1976,
  title={The transmission of genes via pollen and ovules in gynodioecious angiosperms},
  author={Lloyd, David G},
  journal={Theor. Pop. Biol.},
  volume={9},
  number={},
  pages={299--316},
  year={1976},
  publisher={}
}

@article{Manna2011,
  title={Fitness landscapes: an alternative theory for the dominance of mutation},
  author={Manna, F. and Martin, G. and Lenormand, T.},
  journal={Genetics},
  volume={189},
  number={},
  pages={923--937},
  year={2011},
  publisher={Genetics Society of America}
}

@article{Olito2017,
  title={Consequences of genetic linkage for the maintenance of sexually antagonistic polymorphism in hermaphrodites},
  author={Olito, Colin},
  journal={Evolution},
  volume={71},
  number={},
  pages={458--464},
  year={2017},
  publisher={Wiley Blackwell}
}

@article{OhtaCockerham1974,
  title={Detrimental genes with partial selfing and effects on a neutral locus},
  author={Ohta, Tomoko and Cockerham, C. Clark},
  journal={Genet.~Res.~Camb.},
  volume={23},
  number={},
  pages={191--200},
  year={1974},
  publisher={}
}

@Book{OttoDay2007,
  author = {Sally Otto and Troy Day},
  title = {A biologist's guide to mathematical modeling in ecology and evolution},
  publisher = {Princeton University Press},
  year = {2007},
  address = {New Jersey, USA}
}

@article{Patten2010,
  title={Fitness variation due to sexual antagonism and linkage disequilibrium},
  author={Patten, Manus and Haig, David and \'{U}beda, Francisco},
  journal={Evolution},
  volume={64},
  number={},
  pages={3638--3642},
  year={2010},
  publisher={Wiley Blackwell}
}

@article{Prout1968,
  title={Sufficient conditions for multiple niche polymorphism},
  author={Prout, Timothy},
  journal={American Naturalist},
  volume={102},
  number={},
  pages={493--496},
  year={1968},
  publisher={University of Chicago Press}
}

@incollection{Prout2000,
  author      = "Prout, Timothy",
  title       = "How well does opposing selection maintain variation?",
  editor      = "Singh, R.~S. and Kimbras, C.~B.",
  booktitle   = "Evolutionary genetics from molecules to morphology",
  publisher   = "Cambridge University Press",
  address     = "Cambridge, U.K.",
  year        = 2000,
  pages       = "157-203",
}

@article{Qiuetal2013,
  title={Testing for the footprint of sexually antagonistic polymorphisms in the pseudoautosomal region of a plant sex chromosome pair},
  author={Qiu, Suo and Bergero, Roberta, and Charlesworth, Deborah},
  journal={Genetics},
  volume={194},
  number={},
  pages={663--672},
  year={2013},
  publisher={Gen.~Soc.~Am.}
}

@article{Renner2014,
  title={The relative and absolute frequencies of angiosperm sexual systems: dioecy, monoecy, gynodioecy, and an updated online database},
  author={Renner, Susanne},
  journal={American Journal of Botany},
  volume={101},
  number={10},
  pages={1588--1596},
  year={2014},
  publisher={Bot.~Soc.~Am.}
}

@article{Rice1987,
  title={The accumulation of sexually antagonistic genes as a selective agent promoting the evolution of reduced recombination between primitive sex chromosomes},
  author={Rice, William R.},
  journal={Evolution},
  volume={41},
  number={4},
  pages={911--914},
  year={1987},
  publisher={Wiley}
}

@incollection{SakaiWeller1999,
  author      = "Sakai, Ann K. and Weller, Stephan G.",
  title       = "Gender and sexual dimorphism in flowering plants",
  editor      = "Geber, M.~A. and Dawson, T.~E. and Delph, L.~F.",
  booktitle   = "Gender and sexual dimorphism in flowering plants",
  publisher   = "Springer Science and Business Media",
  address     = "Heidelberg, Germany",
  year        = 1999,
  pages       = "1-31",
  chapter     = "1",
}

@article{UbedaPatten2010,
  title={Stable linkage disequilibrium owing to sexual antagonism},
  author={\'{U}beda, Francisco and Haig, David, and Patten, Manus},
  journal={Proc.~Roy.~Soc.~B},
  volume={},
  number={doi:10.1098/rspb.2010.1201},
  pages={1--8},
  year={2010},
  publisher={Roy.~Soc.~Lond.}
}

@article{vanDoornKirkpatrick2007,
  title={Turnover of sex chromosomes induced by sexual conflict},
  author={van Doorn, G.~S. and Kirkpatrick, M.},
  journal={Nature},
  volume={449},
  number={},
  pages={909--912},
  year={2007},
  publisher={Nat.~Pub.~Grp.}
}

@article{Westergaard1958,
  title={The mechanism of sex determination in dioecious flowering plants},
  author={Westergaard, M.},
  journal={Adv. Genetics},
  volume={9},
  number={},
  pages={217--281},
  year={1958},
  publisher={}
}

@article{Yampolsky1922,
  title={Distribution of sex forms in the phanerogamic flora},
  author={Yampolsky, Cecil and Yampolsky, Helene},
  journal={Bib. Genetica},
  volume={3},
  number={},
  pages={1--63},
  year={1922},
  publisher={}
}
