@article{neher2013genealogies,
  title={Genealogies of rapidly adapting populations},
  author={Neher, Richard A and Hallatschek, Oskar},
  journal={Proceedings of the National Academy of Sciences},
  volume={110},
  number={2},
  pages={437--442},
  year={2013},
  publisher={National Acad Sciences}
}

@article{rodelsperger2014characterization,
 title={Characterization of genetic diversity in the nematode Pristionchus pacificus from population-scale resequencing data},
 author={R{\"o}delsperger, Christian and Neher, Richard A and Weller, Andreas M and Eberhardt, Gabi and Witte, Hanh and Mayer, Werner E and
Dieterich, Christoph and Sommer, Ralf J},
 journal={Genetics},
 volume={196},
 number={4},
 pages={1153--1165},
 year={2014},
 publisher={Genetics Soc America}
}

@article{Charlesworth2009,
  title={The genetics of inbreeding depression},
  author={Charlesworth, Deborah and Willis, John},
  journal={Nature Reviews Genetics},
  volume={10},
  number={},
  pages={783--796},
  year={2009},
  publisher={MacMillan Publishers Ltd.}
}

@article{Charlesworth1978,
  title={A model for the evolution of dioecy and gynodioecy},
  author={Charlesworth, Brian and Charlesworth, Deborah},
  journal={American Naturalist},
  volume={112},
  number={988},
  pages={975--997},
  year={1978},
  publisher={University of Chicago Press}
}

@article{Lloyd1975,
  title={The maintenance of gynodioecy and androdioecy in angiosperms},
  author={Lloyd, David G},
  journal={Genetica},
  volume={45},
  number={},
  pages={325--339},
  year={1975},
  publisher={}
}

@article{Lloyd1976,
  title={The transmission of genes via pollen and ovules in gynodioecious angiosperms},
  author={Lloyd, David G},
  journal={Theor. Pop. Biol.},
  volume={9},
  number={},
  pages={299--316},
  year={1976},
  publisher={}
}
